% Bibliografía

% Este fichero contiene la bibliografía de la memoria
% Está en un formato que se conoce como BibTex.
% Hay muchos sitios web que exportan referencias en formato BibTeX. 
% Prueba a buscar en http://scholar.google.com por referencias
% y verás que lo puedes hacer de manera sencilla.
% Más información: 
% http://texblog.org/2014/04/22/using-google-scholar-to-download-bibtex-citations/

% Existen varias posibilidades para referenciar diferentes tipos de documentos,
% ya que los datos necesarios varían. Así, existen formatos de entrada para
%     * libros (book)
%     * artículos en revistas de investigación (article)
%     * capítulos de libro (incollection)
%     * informes técnicos (techreport)
%     * otros (misc)
%
% Las páginas web deberían ir como misc.

% Una última cosa: no referencias nunca la WikiPedia
% La WikiPedia, como buena enciclopedia, no es fuente primaria.
% Si acaso, busca por citas en la WikiPedia (que sí ha de referenciar fuentes
% primarias) y haz referencia a las mismas.

@book{mackenzie2003comparing,
  title={Comparing and Merging Files with GNU diff and patch},
  author={MacKenzie, David and Eggert, Paul and Stallman, Richard},
  year={2003},
  publisher={Network Theory Ltd.}
}

@book{koch2005free,
  title={Free/open source software development},
  author={Koch, Stefan},
  year={2005},
  publisher={Igi Global}
}

@article{zimmermann2005mining,
  title={Mining version histories to guide software changes},
  author={Zimmermann, Thomas and Zeller, Andreas and Weissgerber, Peter and Diehl, Stephan},
  journal={Software Engineering, IEEE Transactions on},
  volume={31},
  number={6},
  pages={429--445},
  year={2005},
  publisher={IEEE}
}
@article{pan2009toward,
  title={Toward an understanding of bug fix patterns},
  author={Pan, Kai and Kim, Sunghun and Whitehead Jr, E James},
  journal={Empirical Software Engineering},
  volume={14},
  number={3},
  pages={286--315},
  year={2009},
  publisher={Springer}
}
@article{sliwerski2005changes,
  title={When do changes induce fixes?},
  author={{\'S}liwerski, Jacek and Zimmermann, Thomas and Zeller, Andreas},
  journal={ACM sigsoft software engineering notes},
  volume={30},
  number={4},
  pages={1--5},
  year={2005},
  publisher={ACM}
}

@article{kim2008classifying,
  title={Classifying software changes: Clean or buggy?},
  author={Kim, Sunghun and Whitehead Jr, E James and Zhang, Yi},
  journal={Software Engineering, IEEE Transactions on},
  volume={34},
  number={2},
  pages={181--196},
  year={2008},
  publisher={IEEE}
}

@article{izquierdo2011developers,
  title={Are Developers Fixing Their Own Bugs?: Tracing Bug-Fixing and Bug-Seeding Committers},
  author={Izquierdo-Cortazar, Daniel and Capiluppi, Andrea and Gonzalez-Barahona, Jesus M},
  journal={International Journal of Open Source Software and Processes (IJOSSP)},
  volume={3},
  number={2},
  pages={23--42},
  year={2011},
  publisher={IGI Global}
}
@article{ukkonen1985algorithms,
  title={Algorithms for approximate string matching},
  author={Ukkonen, Esko},
  journal={Information and control},
  volume={64},
  number={1},
  pages={100--118},
  year={1985},
  publisher={Elsevier}
}
@article{myers1986ano,
  title={AnO (ND) difference algorithm and its variations},
  author={Myers, Eugene W},
  journal={Algorithmica},
  volume={1},
  number={1-4},
  pages={251--266},
  year={1986},
  publisher={Springer}
}
@inproceedings{zimmermann2006mining,
  title={Mining version archives for co-changed lines},
  author={Zimmermann, Thomas and Kim, Sunghun and Zeller, Andreas and Whitehead Jr, E James},
  booktitle={Proceedings of the 2006 international workshop on Mining software repositories},
  pages={72--75},
  year={2006},
  organization={ACM}
}

@inproceedings{yin2011fixes,
  title={How do fixes become bugs?},
  author={Yin, Zuoning and Yuan, Ding and Zhou, Yuanyuan and Pasupathy, Shankar and Bairavasundaram, Lakshmi},
  booktitle={Proceedings of the 19th ACM SIGSOFT symposium and the 13th European conference on Foundations of software engineering},
  pages={26--36},
  year={2011},
  organization={ACM}
}

@inproceedings{hindle2008large,
  title={What do large commits tell us?: a taxonomical study of large commits},
  author={Hindle, Abram and German, Daniel M and Holt, Ric},
  booktitle={Proceedings of the 2008 international working conference on Mining software repositories},
  pages={99--108},
  year={2008},
  organization={ACM}
}
@inproceedings{kim2006automatic,
  title={Automatic identification of bug-introducing changes},
  author={Kim, Sunghun and Zimmermann, Thomas and Pan, Kai and Whitehead Jr, E James},
  booktitle={Automated Software Engineering, 2006. ASE'06. 21st IEEE/ACM International Conference on},
  pages={81--90},
  year={2006},
  organization={IEEE}
}

@incollection{fejzer2015supporting,
  title={Supporting Code Review by Automatic Detection of Potentially Buggy Changes},
  author={Fejzer, Miko{\l}aj and Wojtyna, Micha{\l} and Burza{\'n}ska, Marta and Wi{\'s}niewski, Piotr and Stencel, Krzysztof},
  booktitle={Beyond Databases, Architectures and Structures},
  pages={473--482},
  year={2015},
  publisher={Springer}
}
@inproceedings{herzig2013s,
  title={It's not a bug, it's a feature: how misclassification impacts bug prediction},
  author={Herzig, Kim and Just, Sascha and Zeller, Andreas},
  booktitle={Proceedings of the 2013 International Conference on Software Engineering},
  pages={392--401},
  year={2013},
  organization={IEEE Press}
}
@inproceedings{nguyen2012multi,
  title={Multi-layered approach for recovering links between bug reports and fixes},
  author={Nguyen, Anh Tuan and Nguyen, Tung Thanh and Nguyen, Hoan Anh and Nguyen, Tien N},
  booktitle={Proceedings of the ACM SIGSOFT 20th International Symposium on the Foundations of Software Engineering},
  pages={63},
  year={2012},
  organization={ACM}
}
@inproceedings{wu2011relink,
  title={Relink: recovering links between bugs and changes},
  author={Wu, Rongxin and Zhang, Hongyu and Kim, Sunghun and Cheung, Shing-Chi},
  booktitle={Proceedings of the 19th ACM SIGSOFT symposium and the 13th European conference on Foundations of software engineering},
  pages={15--25},
  year={2011},
  organization={ACM}
}
@inproceedings{bachmann2010missing,
  title={The missing links: bugs and bug-fix commits},
  author={Bachmann, Adrian and Bird, Christian and Rahman, Foyzur and Devanbu, Premkumar and Bernstein, Abraham},
  booktitle={Proceedings of the eighteenth ACM SIGSOFT international symposium on Foundations of software engineering},
  pages={97--106},
  year={2010},
  organization={ACM}
}
@inproceedings{williams2008szz,
  title={Szz revisited: verifying when changes induce fixes},
  author={Williams, Chadd and Spacco, Jaime},
  booktitle={Proceedings of the 2008 workshop on Defects in large software systems},
  pages={32--36},
  year={2008},
  organization={ACM}
}
@inproceedings{sinha2010buginnings,
  title={BUGINNINGS: identifying the origins of a bug},
  author={Sinha, Vibha Singhal and Sinha, Saurabh and Rao, Swathi},
  booktitle={Proceedings of the 3rd India software engineering conference},
  pages={3--12},
  year={2010},
  organization={ACM}
}
@inproceedings{fejzer2015supporting,
  title={Supporting Code Review by Automatic Detection of Potentially Buggy Changes},
  author={Fejzer, Miko{\l}aj and Wojtyna, Micha{\l} and Burza{\'n}ska, Marta and Wi{\'s}niewski, Piotr and Stencel, Krzysztof},
  booktitle={Beyond Databases, Architectures and Structures},
  pages={473--482},
  year={2015},
  publisher={Springer}
}
@article{yangbug,
  title={Bug Inducing Analysis to Prevent Fault Prone Bug Fixes},
  author={Yang, Haoyu and Wang, Chen and Shi, Qingkai and Feng, Yang and Chen, Zhenyu}
}
@article{prechelt2014software,
  title={Why software repositories are not used for defect-insertion circumstance analysis more often: A case study},
  author={Prechelt, Lutz and Pepper, Alexander},
  journal={Information and Software Technology},
  volume={56},
  number={10},
  pages={1377--1389},
  year={2014},
  publisher={Elsevier}
}




